% Encoding: UTF-8

@Book{barkai,
  author = {Авирам Баркаи},
  title  = {For Heaven's sake},
}

@Book{kuper_nikole,
  author = {Том Купер, Давид Николе},
  title  = {Arab MiGs vol.6},
}

@Book{mostov,
  author = {Исаак Мостов},
  title  = {Дорога к крылышкам},
}

@Book{shlomo,
  author = {Shlomo Aloni},
  title  = {Israeli Phantom ll aces},
}

@Electronic{segev,
  author = {Сайт Амира Сегева},
  url    = {http://www.sky-high.co.il},
}

@Electronic{israel_vvs,
  author = {Сайт ВВС Израиля},
  url    = {http://www.iaf.org.il},
}

@Electronic{memor_cahal,
  author = {Мемориальный сайт ЦАХАЛ},
  url    = {http://www.izkor.gov.il},
}

@Electronic{fisher,
  author = {Библиотека института авиакосмических стратегических исследований Фишера},
  url    = {http://www.fisherlibrary.org.il},
}

@Electronic{raanana,
  author = {Мемориальный сайт Раананы},
  url    = {http://gal-ed.raanana.muni.il},
}

@Electronic{235eskadr,
  author = {Неофициальный сайт 253 эскадрильи},
  url    = {https://ramon253.udiburg.com},
}

@Electronic{kair_hist,
  author = {Сайт каирских историков},
  url    = {http://group73historians.com},
}

@Electronic{skywar,
  author = {http://skywar.ru},
  url    = {http://skywar.ru},
}

@Book{giora,
  author = {Гиора Ромм},
  title  = {Падение, плен и возвращение израильского лётчика},
}

@Article{tabet_article,
  author  = {Лион Шлейн},
  journal = {Журнал ВВС Израиля},
  title   = {Полковник Табет},
  year    = {1999},
  number  = {130},
  volume  = {231},
}

@Electronic{misnikov,
  author = {Сайт Авиноама Мисникова},
  url    = {http://sky-high.co.il},
}

@Electronic{bennun_inter,
  author = {Интервью Асафа Бин-Нуна блогу},
  url    = {https://naamoush.wordpress.com},
}

@Comment{jabref-meta: databaseType:bibtex;}
